@article{Schapire:1999:IBA:337859.337870,
 author = {Schapire, Robert E. and Singer, Yoram},
 title = {Improved Boosting Algorithms Using Confidence-rated Predictions},
 journal = {Mach. Learn.},
 issue_date = {Dec. 1999},
 volume = {37},
 number = {3},
 month = dec,
 year = {1999},
 issn = {0885-6125},
 pages = {297--336},
 numpages = {40},
 url = {http://dx.doi.org/10.1023/A:1007614523901},
 doi = {10.1023/A:1007614523901},
 acmid = {337870},
 publisher = {Kluwer Academic Publishers},
 address = {Hingham, MA, USA},
 keywords = {boosting algorithms, decision trees, multiclass classification, output coding},
} 

@inproceedings{Guruswami:1999:MLB:307400.307429,
 author = {Guruswami, Venkatesan and Sahai, Amit},
 title = {Multiclass Learning, Boosting, and Error-correcting Codes},
 booktitle = {Proceedings of the Twelfth Annual Conference on Computational Learning Theory},
 series = {COLT '99},
 year = {1999},
 isbn = {1-58113-167-4},
 location = {Santa Cruz, California, USA},
 pages = {145--155},
 numpages = {11},
 url = {http://doi.acm.org/10.1145/307400.307429},
 doi = {10.1145/307400.307429},
 acmid = {307429},
 publisher = {ACM},
} 

@InProceedings{s-ocbmlp-97, 
author = "Robert E. Schapire", 
title = "Using output codes to boost multiclass learning problems", 
booktitle = "Proc. 14th International Conference on Machine Learning", 
publisher = "Morgan Kaufmann", 
year = "1997", 
pages = "313--321", 
} 